@article{liu2018darts,
  title={Darts: Differentiable architecture search},
  author={Liu, Hanxiao and Simonyan, Karen and Yang, Yiming},
  journal={arXiv preprint arXiv:1806.09055},
  year={2018}
}

@article{jang2016categorical,
  title={Categorical reparameterization with gumbel-softmax},
  author={Jang, Eric and Gu, Shixiang and Poole, Ben},
  journal={arXiv preprint arXiv:1611.01144},
  year={2016}
}

@article{maddison2016concrete,
  title={The concrete distribution: A continuous relaxation of discrete random variables},
  author={Maddison, Chris J and Mnih, Andriy and Teh, Yee Whye},
  journal={arXiv preprint arXiv:1611.00712},
  year={2016}
}

@article{luo2018neural,
  title={Neural architecture optimization},
  author={Luo, Renqian and Tian, Fei and Qin, Tao and Liu, Tie-Yan},
  journal={arXiv preprint arXiv:1808.07233},
  year={2018}
}

@article{zoph2016neural,
	title={Neural architecture search with reinforcement learning},
	author={Zoph, Barret and Le, Quoc V},
	journal={arXiv preprint arXiv:1611.01578},
	year={2016}
}

@article{lecun-mnist,
	author = {LeCun, Yann and Cortes, Corinna},
	biburl = {https://www.bibsonomy.org/bibtex/2935bad99fa1f65e03c25b315aa3c1032/mhwombat},
	howpublished = {http://yann.lecun.com/exdb/mnist/},
	interhash = {21b9d0558bd66279df9452562df6e6f3},
	intrahash = {935bad99fa1f65e03c25b315aa3c1032},
	keywords = {MSc _checked character_recognition mnist network neural},
	title = {{MNIST} handwritten digit database},
	url = {http://yann.lecun.com/exdb/mnist/},
	year = 2010
}