@article{DescriptionLength,
  title={A Tutorial Introduction to the Minimum Description Length Principle},
  author={Grunwald~P.},
  year={2005}
}

@article{BrainDamage,
  title={Optimal Brain Damage},
  author={Yann Le Cun, John S. Denker and Sara A. Solla},
  year={1989}
}

@article{GradientOptim,
  title={Scalable gradient-based tuning of continuous
		regularization hyperparameters.},
  author={J. Luketina, M. Berglund, T. Raiko, and K. Gref},
  year={2016}
}


@article{BayesOptim,
  title={Bayesian Learning for Neural Networks.},
  author={A. Neal and M. Radfor},
  year={1995}
}

@article{DARTS,
  title={DARTS: Differentiable Architecture Search},
  author={Hanxiao~L., Simonyan~K., Yang~.Y},
  year={2018}
}

@article{Boston,
  title={Hedonic housing prices and the demand for clean air.},
  author={Harrison~Jr. , Rubinfeld~D., Daniel~L.},
  year={1978}
}


@article{MNIST,
  title={The MNIST Database of Handwritten Digits},
  author={Yann LeCun, Corinna Cortes, Christopher J.C. Burges,},
  year={1998}
}

@article{CIFAR-10,
  title={The CIFAR-10 Dataset},
  author={A.~Krizhevsky, V.~Nair, G.~Hinton},
  year={2009}
}




