@article{DescriptionLength,
  title={A Tutorial Introduction to the Minimum Description Length Principle},
  author={Grunwald~P.},
  year={2005}
}

@article{PV,
  title={Practical Variational Inference for Neural Networks},
  author={Alex Graves}
}

@article{BrainDamage,
  title={Optimal Brain Damage},
  author={Yann Le Cun, John S. Denker and Sara A. Solla},
  year={1989}
}

@article{GradientOptim,
  title={Scalable gradient-based tuning of continuous
		regularization hyperparameters.},
  author={J. Luketina, M. Berglund, T. Raiko, and K. Gref},
  year={2016}
}


@article{BayesOptim,
  title={Bayesian Learning for Neural Networks.},
  author={A. Neal and M. Radfor},
  year={1995}
}

@article{DARTS,
  title={DARTS: Differentiable Architecture Search},
  author={Hanxiao~L., Simonyan~K., Yang~.Y},
  year={2018}
}

@article{Boston,
  title={Hedonic housing prices and the demand for clean air.},
  author={Harrison~Jr. , Rubinfeld~D., Daniel~L.},
  year={1978}
}


@article{MNIST,
  title={The MNIST Database of Handwritten Digits},
  author={Yann LeCun, Corinna Cortes, Christopher J.C. Burges,},
  year={1998}
}

@article{CIFAR-10,
  title={The CIFAR-10 Dataset},
  author={A.~Krizhevsky, V.~Nair, G.~Hinton},
  year={2009}
}

@article{GO,
  title={Gradient-based Hyperparameter Optimization Through Reversible Learning},
  author={D. Maclaurin and D. Duvenaud and R. Adams. },
  year={2015}
}

@article{EASNT,
  title={Efficient Architecture Search by Network Transformation.},
  author={Han Cai, Tianyao Chen, Weinan Zhang, Yong Yu, Jun Wang. },
  year={2017}
}
Gumbell


%\begin{thebibliography}{99}

%	\bibitem{BrainDamage}
%	\BibAuthor{Yann Le Cun, John S. Denker and Sara A. Solla. }
%	\BibTitle{Optimal Brain Damage}. 1989.
		
%	\bibitem{EASNT}
%	\BibAuthor{Han Cai, Tianyao Chen, Weinan Zhang, Yong Yu, Jun Wang. }
%	\BibTitle{Efficient Architecture Search by Network Transformation.}. 2017.
%		URL: \BibUrl{https://arxiv.org/abs/1707.04873}.


	
%	\bibitem{DARTS}
%	\BibAuthor{Hanxiao~L., Simonyan~K., Yang~.Y. }
%	\BibTitle{DARTS: Differentiable Architecture Search}. 2018.
%	URL: \BibUrl{https://arxiv.org/abs/1806.09055}.
	
%	\bibitem{Boston}
%	\BibAuthor{Harrison~Jr. , Rubinfeld~D., Daniel~L. }
%	\BibTitle{Hedonic housing prices and the demand for clean air.} 1978.
%	URL: \BibUrl{https://archive.ics.uci.edu/ml/machine-learning-databases/housing/}.
	
%	\bibitem{MNIST}
%	\BibAuthor{Yann LeCun, Corinna Cortes, Christopher J.C. Burges. }
%	\BibTitle{The MNIST Database of Handwritten Digits} 1998.
%	URL: \BibUrl{http://yann.lecun.com/exdb/mnist/}
	
%	\bibitem{CIFAR-10}
%	\BibAuthor{A. Krizhevsky, V. Nair, G. Hilton. }
%	\BibTitle{The CIFAR-10 dataset} 2009.
%	URL: \BibUrl{http://www.cs.toronto.edu/~kriz/cifar.html}

%\end{thebibliography}